@book{sizesuu,
    title = {自然現象と数学（工学部電気電子工学科）},
    author = {京都大学工学部電気電子工学科},
    year = {2025},
    publisher = {京都大学工学部電気電子工学科},
    keywords = {physics, circuitry, differential equations},
}
